%YAML 1.1
%TAG !u! tag:unity3d.com,2011:
--- !u!1001 &100100000
Prefab:
  m_ObjectHideFlags: 1
  serializedVersion: 2
  m_Modification:
    m_TransformParent: {fileID: 0}
    m_Modifications: []
    m_RemovedComponents: []
  m_ParentPrefab: {fileID: 0}
  m_RootGameObject: {fileID: 1770309465296202}
  m_IsPrefabParent: 1
--- !u!1 &1379619525525042
GameObject:
  m_ObjectHideFlags: 0
  m_PrefabParentObject: {fileID: 0}
  m_PrefabInternal: {fileID: 100100000}
  serializedVersion: 5
  m_Component:
  - component: {fileID: 224120649308844738}
  - component: {fileID: 222974760205895156}
  - component: {fileID: 114195593436019162}
  m_Layer: 5
  m_Name: Score Text
  m_TagString: Untagged
  m_Icon: {fileID: 0}
  m_NavMeshLayer: 0
  m_StaticEditorFlags: 0
  m_IsActive: 1
--- !u!1 &1770309465296202
GameObject:
  m_ObjectHideFlags: 0
  m_PrefabParentObject: {fileID: 0}
  m_PrefabInternal: {fileID: 100100000}
  serializedVersion: 5
  m_Component:
  - component: {fileID: 224921419004286280}
  - component: {fileID: 114460230158625956}
  - component: {fileID: 95762745340954322}
  - component: {fileID: 114517880993936596}
  - component: {fileID: 222427746175561162}
  m_Layer: 0
  m_Name: Square
  m_TagString: Untagged
  m_Icon: {fileID: 0}
  m_NavMeshLayer: 0
  m_StaticEditorFlags: 0
  m_IsActive: 1
--- !u!1 &1953769187597908
GameObject:
  m_ObjectHideFlags: 0
  m_PrefabParentObject: {fileID: 0}
  m_PrefabInternal: {fileID: 100100000}
  serializedVersion: 5
  m_Component:
  - component: {fileID: 224441246715178032}
  - component: {fileID: 222057340594301034}
  - component: {fileID: 114196912668982684}
  m_Layer: 5
  m_Name: Actual Score Text
  m_TagString: Untagged
  m_Icon: {fileID: 0}
  m_NavMeshLayer: 0
  m_StaticEditorFlags: 0
  m_IsActive: 1
--- !u!95 &95762745340954322
Animator:
  serializedVersion: 3
  m_ObjectHideFlags: 1
  m_PrefabParentObject: {fileID: 0}
  m_PrefabInternal: {fileID: 100100000}
  m_GameObject: {fileID: 1770309465296202}
  m_Enabled: 1
  m_Avatar: {fileID: 0}
  m_Controller: {fileID: 9100000, guid: 18f63ede17c514541b31b4d57f90c43d, type: 2}
  m_CullingMode: 0
  m_UpdateMode: 0
  m_ApplyRootMotion: 0
  m_LinearVelocityBlending: 0
  m_WarningMessage: 
  m_HasTransformHierarchy: 1
  m_AllowConstantClipSamplingOptimization: 1
--- !u!114 &114195593436019162
MonoBehaviour:
  m_ObjectHideFlags: 1
  m_PrefabParentObject: {fileID: 0}
  m_PrefabInternal: {fileID: 100100000}
  m_GameObject: {fileID: 1379619525525042}
  m_Enabled: 1
  m_EditorHideFlags: 0
  m_Script: {fileID: 708705254, guid: f70555f144d8491a825f0804e09c671c, type: 3}
  m_Name: 
  m_EditorClassIdentifier: 
  m_Material: {fileID: 0}
  m_Color: {r: 1, g: 1, b: 1, a: 1}
  m_RaycastTarget: 1
  m_OnCullStateChanged:
    m_PersistentCalls:
      m_Calls: []
    m_TypeName: UnityEngine.UI.MaskableGraphic+CullStateChangedEvent, UnityEngine.UI,
      Version=1.0.0.0, Culture=neutral, PublicKeyToken=null
  m_FontData:
    m_Font: {fileID: 12800000, guid: 58b647c5b2ec4184e9a07a561cdf0644, type: 3}
    m_FontSize: 36
    m_FontStyle: 1
    m_BestFit: 0
    m_MinSize: 0
    m_MaxSize: 79
    m_Alignment: 4
    m_AlignByGeometry: 0
    m_RichText: 1
    m_HorizontalOverflow: 1
    m_VerticalOverflow: 1
    m_LineSpacing: 1
  m_Text: 1
--- !u!114 &114196912668982684
MonoBehaviour:
  m_ObjectHideFlags: 1
  m_PrefabParentObject: {fileID: 0}
  m_PrefabInternal: {fileID: 100100000}
  m_GameObject: {fileID: 1953769187597908}
  m_Enabled: 1
  m_EditorHideFlags: 0
  m_Script: {fileID: 708705254, guid: f70555f144d8491a825f0804e09c671c, type: 3}
  m_Name: 
  m_EditorClassIdentifier: 
  m_Material: {fileID: 0}
  m_Color: {r: 1, g: 1, b: 1, a: 1}
  m_RaycastTarget: 1
  m_OnCullStateChanged:
    m_PersistentCalls:
      m_Calls: []
    m_TypeName: UnityEngine.UI.MaskableGraphic+CullStateChangedEvent, UnityEngine.UI,
      Version=1.0.0.0, Culture=neutral, PublicKeyToken=null
  m_FontData:
    m_Font: {fileID: 12800000, guid: 58b647c5b2ec4184e9a07a561cdf0644, type: 3}
    m_FontSize: 24
    m_FontStyle: 1
    m_BestFit: 0
    m_MinSize: 0
    m_MaxSize: 79
    m_Alignment: 4
    m_AlignByGeometry: 0
    m_RichText: 1
    m_HorizontalOverflow: 1
    m_VerticalOverflow: 1
    m_LineSpacing: 1
  m_Text: 0
--- !u!114 &114460230158625956
MonoBehaviour:
  m_ObjectHideFlags: 1
  m_PrefabParentObject: {fileID: 0}
  m_PrefabInternal: {fileID: 100100000}
  m_GameObject: {fileID: 1770309465296202}
  m_Enabled: 1
  m_EditorHideFlags: 0
  m_Script: {fileID: -765806418, guid: f70555f144d8491a825f0804e09c671c, type: 3}
  m_Name: 
  m_EditorClassIdentifier: 
  m_Material: {fileID: 0}
  m_Color: {r: 0.7058824, g: 1, b: 0.95294124, a: 1}
  m_RaycastTarget: 1
  m_OnCullStateChanged:
    m_PersistentCalls:
      m_Calls: []
    m_TypeName: UnityEngine.UI.MaskableGraphic+CullStateChangedEvent, UnityEngine.UI,
      Version=1.0.0.0, Culture=neutral, PublicKeyToken=null
  m_Sprite: {fileID: 21300000, guid: 2df985f46c617e04da2d3594b1feb5f8, type: 3}
  m_Type: 0
  m_PreserveAspect: 0
  m_FillCenter: 1
  m_FillMethod: 4
  m_FillAmount: 1
  m_FillClockwise: 1
  m_FillOrigin: 0
--- !u!114 &114517880993936596
MonoBehaviour:
  m_ObjectHideFlags: 1
  m_PrefabParentObject: {fileID: 0}
  m_PrefabInternal: {fileID: 100100000}
  m_GameObject: {fileID: 1770309465296202}
  m_Enabled: 1
  m_EditorHideFlags: 0
  m_Script: {fileID: 11500000, guid: 49af7188163d0784c8256d97f642d760, type: 3}
  m_Name: 
  m_EditorClassIdentifier: 
--- !u!222 &222057340594301034
CanvasRenderer:
  m_ObjectHideFlags: 1
  m_PrefabParentObject: {fileID: 0}
  m_PrefabInternal: {fileID: 100100000}
  m_GameObject: {fileID: 1953769187597908}
--- !u!222 &222427746175561162
CanvasRenderer:
  m_ObjectHideFlags: 1
  m_PrefabParentObject: {fileID: 0}
  m_PrefabInternal: {fileID: 100100000}
  m_GameObject: {fileID: 1770309465296202}
--- !u!222 &222974760205895156
CanvasRenderer:
  m_ObjectHideFlags: 1
  m_PrefabParentObject: {fileID: 0}
  m_PrefabInternal: {fileID: 100100000}
  m_GameObject: {fileID: 1379619525525042}
--- !u!224 &224120649308844738
RectTransform:
  m_ObjectHideFlags: 1
  m_PrefabParentObject: {fileID: 0}
  m_PrefabInternal: {fileID: 100100000}
  m_GameObject: {fileID: 1379619525525042}
  m_LocalRotation: {x: -0, y: -0, z: -0, w: 1}
  m_LocalPosition: {x: 0, y: 0, z: 0}
  m_LocalScale: {x: 1, y: 1, z: 1}
  m_Children: []
  m_Father: {fileID: 224921419004286280}
  m_RootOrder: 0
  m_LocalEulerAnglesHint: {x: 0, y: 0, z: 0}
  m_AnchorMin: {x: 0.5, y: 1}
  m_AnchorMax: {x: 0.5, y: 1}
  m_AnchoredPosition: {x: 0, y: 0}
  m_SizeDelta: {x: 160, y: 30}
  m_Pivot: {x: 0.5, y: 1}
--- !u!224 &224441246715178032
RectTransform:
  m_ObjectHideFlags: 1
  m_PrefabParentObject: {fileID: 0}
  m_PrefabInternal: {fileID: 100100000}
  m_GameObject: {fileID: 1953769187597908}
  m_LocalRotation: {x: -0, y: -0, z: -0, w: 1}
  m_LocalPosition: {x: 0, y: 0, z: 0}
  m_LocalScale: {x: 1, y: 1, z: 1}
  m_Children: []
  m_Father: {fileID: 224921419004286280}
  m_RootOrder: 1
  m_LocalEulerAnglesHint: {x: 0, y: 0, z: 0}
  m_AnchorMin: {x: 0.5, y: 0}
  m_AnchorMax: {x: 0.5, y: 0}
  m_AnchoredPosition: {x: 0, y: 0}
  m_SizeDelta: {x: 160, y: 30}
  m_Pivot: {x: 0.5, y: 0}
--- !u!224 &224921419004286280
RectTransform:
  m_ObjectHideFlags: 1
  m_PrefabParentObject: {fileID: 0}
  m_PrefabInternal: {fileID: 100100000}
  m_GameObject: {fileID: 1770309465296202}
  m_LocalRotation: {x: -0, y: -0, z: -0, w: 1}
  m_LocalPosition: {x: 0, y: 0, z: 0}
  m_LocalScale: {x: 1, y: 1, z: 1}
  m_Children:
  - {fileID: 224120649308844738}
  - {fileID: 224441246715178032}
  m_Father: {fileID: 0}
  m_RootOrder: 0
  m_LocalEulerAnglesHint: {x: 0, y: 0, z: 0}
  m_AnchorMin: {x: 0.5, y: 1}
  m_AnchorMax: {x: 0.5, y: 1}
  m_AnchoredPosition: {x: 0, y: -20}
  m_SizeDelta: {x: 50, y: 50}
  m_Pivot: {x: 0.5, y: 1}
